@inproceedings{Coughlan:2000:MWA:3008751.3008869,
 author = {Coughlan, James M. and Yuille, A. L.},
 title = {The Manhattan World Assumption: Regularities in Scene Statistics Which Enable Bayesian Inference},
 booktitle = {Proceedings of the 13th International Conference on Neural Information Processing Systems},
 series = {NIPS'00},
 year = {2000},
 location = {Denver, CO},
 pages = {809--815},
 numpages = {7},
 url = {http://dl.acm.org/citation.cfm?id=3008751.3008869},
 acmid = {3008869},
 publisher = {MIT Press},
 address = {Cambridge, MA, USA},
}

@inproceedings{atlanta-world,
	author = {Schindler, G. and Dellaert, Frank},
	year = {2004},
	month = {01},
	pages = {I-203},
	title = {Atlanta world: an expectation maximization framework for simultaneous low-level edge grouping and camera calibration in complex man-made environments},
	isbn = {0-7695-2158-4},
	doi = {10.1109/CVPR.2004.1315033}
}